@phdthesis{daly2015hand,
	title={Hand-drawn graph problems in online education},
	author={Daly, Katharine M},
	year={2015},
	school={Massachusetts Institute of Technology}
}

@manual{ipycanvas,
	author={Renou, Martin},
	title={ipycanvas - Interactive Canvas in Jupyter},
	howpublished={ver. 0.9.1},
	year={2021 [Online]},
	url={https://github.com/martinRenou/ipycanvas}
}

@manual{alphashapetoolbox,
  author        = "K. Bellock",
  title         = "Alpha Shape Toolbox",
  howpublished  = "ver. 1.3.1",
  year          = "2021 [Online].",
  url           = "https://alphashape.readthedocs.io/en/latest/"
}

@Misc{scipy,
  author =    {Eric Jones and Travis Oliphant and Pearu Peterson and others},
  title =     {{SciPy}: Open source scientific tools for {Python}},
  year =      {2001--},
  url = "http://www.scipy.org/"
}

@article{mnist_network_ref,
  author    = {Sanghyeon An and
               Min Jun Lee and
               Sanglee Park and
               Heerin Yang and
               Jungmin So},
  title     = {An Ensemble of Simple Convolutional Neural Network Models for {MNIST}
               Digit Recognition},
  journal   = {CoRR},
  volume    = {abs/2008.10400},
  year      = {2020},
  url       = {https://arxiv.org/abs/2008.10400},
  eprinttype = {arXiv},
  eprint    = {2008.10400},
  timestamp = {Fri, 28 Aug 2020 12:11:44 +0200},
  biburl    = {https://dblp.org/rec/journals/corr/abs-2008-10400.bib},
  bibsource = {dblp computer science bibliography, https://dblp.org}
}

@INPROCEEDINGS{largesttriangle,
  author={Dobkin, David P. and Snyder, Lawrence},
  booktitle={20th Annual Symposium on Foundations of Computer Science (sfcs 1979)}, 
  title={On a general method for maximizing and minimizing among certain geometric problems}, 
  year={1979},
  volume={},
  number={},
  pages={9-17},
  doi={10.1109/SFCS.1979.28}}
